<?xml version="1.0" encoding="UTF-8"?><record xmlns="http://www.loc.gov/MARC21/slim" xmlns:cinclude="http://apache.org/cocoon/include/1.0" xmlns:zs="http://www.loc.gov/zing/srw/">
  <leader>00324nz  a2200121n  4500</leader>
  <controlfield tag="001">n  90674117 </controlfield>
  <controlfield tag="003">DLC</controlfield>
  <controlfield tag="005">19900725124233.9</controlfield>
  <controlfield tag="008">900725n| acannaab|          |n aaa |||  </controlfield>
  <datafield tag="010" ind1=" " ind2=" ">
    <subfield code="a">n  90674117 </subfield>
  </datafield>
  <datafield tag="040" ind1=" " ind2=" ">
    <subfield code="a">DLC</subfield>
    <subfield code="c">DLC</subfield>
  </datafield>
  <datafield tag="100" ind1="1" ind2="0">
    <subfield code="a">Schade, Marion</subfield>
  </datafield>
  <datafield tag="670" ind1=" " ind2=" ">
    <subfield code="a">Horster, P. Das Kryptosystem von Lu und Lee, c1989:</subfield>
    <subfield code="b">t.p. (Marion Schade)</subfield>
  </datafield>
</record>